@article{knuth84,
  author = {Knuth, Donald E.},
  title = {Literate Programming},
  year = {1984},
  issue_date = {May 1984},
  publisher = {Oxford University Press, Inc.},
  address = {USA},
  volume = {27},
  number = {2},
  issn = {0010-4620},
  url = {https://doi.org/10.1093/comjnl/27.2.97},
  doi = {10.1093/comjnl/27.2.97},
  journal = {Comput. J.},
  month = may,
  pages = {97â€“111},
  numpages = {15}
}



@article{base,
	title = {R: A Language and Environment for Statistical Computing},
	author = {, R Core Team},
	year = {2025},
	date = {2025},
	url = {https://www.R-project.org/}
}

@article{goodpra2023,
	title = {Good practice recommendations on add-ons in reproductive medicine},
	author = {,  and Lundin, K and Bentzen, J G and Bozdag, G and Ebner, T and Harper, J and Le Clef, N and Moffett, A and Norcross, S and Polyzos, N P and Rautakallio-Hokkanen, S and Sfontouris, I and Sermon, K and Vermeulen, N and Pinborg, A},
	year = {2023},
	month = {09},
	date = {2023-09-25},
	journal = {Human Reproduction},
	pages = {2062--2104},
	volume = {38},
	number = {11},
	doi = {10.1093/humrep/dead184},
	url = {http://dx.doi.org/10.1093/humrep/dead184},
	langid = {en}
}

@article{intracyt2020,
	title = {Intracytoplasmic sperm injection (ICSI) for non{\textendash}male factor indications: a committee opinion},
	year = {2020},
	month = {08},
	date = {2020-08},
	journal = {Fertility and Sterility},
	pages = {239--245},
	volume = {114},
	number = {2},
	doi = {10.1016/j.fertnstert.2020.05.032},
	url = {http://dx.doi.org/10.1016/j.fertnstert.2020.05.032},
	langid = {en}
}

@article{Eysenbach2004,
	title = {Improving the Quality of Web Surveys: The Checklist for Reporting Results of Internet E-Surveys (CHERRIES)},
	author = {Eysenbach, Gunther},
	year = {2004},
	month = {09},
	date = {2004-09-29},
	journal = {Journal of Medical Internet Research},
	pages = {e34},
	volume = {6},
	number = {3},
	doi = {10.2196/jmir.6.3.e34},
	url = {http://dx.doi.org/10.2196/jmir.6.3.e34},
	langid = {en}
}

@article{albarqouni2023,
	title = {Low-Value Surgical Procedures in Low- and Middle-Income Countries},
	author = {Albarqouni, Loai and Abukmail, Eman and MohammedAli, Majdeddin and Elejla, Sewar and Abuelazm, Mohamed and Shaikhkhalil, Hosam and Pathirana, Thanya and Palagama, Sujeewa and Effa, Emmanuel and Ochodo, Eleanor and Rugengamanzi, Eulade and AlSabaa, Yousef and Ingabire, Ale and Riwa, Francis and Goraya, Burhan and Bakhit, Mina and Clark, Justin and Arab-Zozani, Morteza and Alves da Silva, Suzanna and Pramesh, C. S. and Vanderpuye, Verna and Lang, Eddy and Korenstein, Deborah and Born, Karen and Tabiri, Stephen and Ademuyiwa, Adesoji and Nabhan, Ashraf and Moynihan, Ray},
	year = {2023},
	month = {11},
	date = {2023-11-07},
	journal = {JAMA Network Open},
	pages = {e2342215},
	volume = {6},
	number = {11},
	doi = {10.1001/jamanetworkopen.2023.42215},
	url = {http://dx.doi.org/10.1001/jamanetworkopen.2023.42215},
	langid = {en}
}

@article{holt-kentwell2022,
	title = {Evaluating interventions and adjuncts to optimize pregnancy outcomes in subfertile women: an overview review},
	author = {Holt-Kentwell, Ashleigh and Ghosh, Jayasish and Devall, Adam and Coomarasamy, Arri and Dhillon-Smith, Rima K},
	year = {2022},
	month = {02},
	date = {2022-02-08},
	journal = {Human Reproduction Update},
	pages = {583--600},
	volume = {28},
	number = {4},
	doi = {10.1093/humupd/dmac001},
	url = {http://dx.doi.org/10.1093/humupd/dmac001},
	langid = {en}
}
